[gd_scene load_steps=3 format=3 uid="uid://cyu0c1tqixmhj"]

[ext_resource type="PackedScene" uid="uid://dbke2rg7v41sm" path="res://scenes/room_select.tscn" id="1_7cm50"]
[ext_resource type="ButtonGroup" uid="uid://ly8uccuwh7x6" path="res://scenes/room_select_button_group.tres" id="2_g05ht"]

[node name="Node" type="Node"]

[node name="Livingroom" parent="." instance=ExtResource("1_7cm50")]
size_flags_horizontal = 0

[node name="Label" parent="Livingroom" index="0"]
text = "Living Room"

[node name="CheckBox" parent="Livingroom" index="1"]
button_group = ExtResource("2_g05ht")

[node name="Bedroom" parent="." instance=ExtResource("1_7cm50")]
size_flags_horizontal = 0

[node name="Label" parent="Bedroom" index="0"]
text = "Bedroom
"

[node name="CheckBox" parent="Bedroom" index="1"]
button_group = ExtResource("2_g05ht")

[node name="Office" parent="." instance=ExtResource("1_7cm50")]

[node name="Label" parent="Office" index="0"]
text = "Office
"

[node name="Turlet" parent="." instance=ExtResource("1_7cm50")]

[node name="Label" parent="Turlet" index="0"]
text = "Turlet"

[editable path="Livingroom"]
[editable path="Bedroom"]
[editable path="Office"]
[editable path="Turlet"]
