[gd_scene load_steps=22 format=3 uid="uid://dey1c85nfswhf"]

[ext_resource type="Script" path="res://scenes/Game.gd" id="1_3cuvl"]
[ext_resource type="Shader" path="res://assets/shaders/vhs_crt/vhs_crt.gdshader" id="2_jm074"]
[ext_resource type="PackedScene" uid="uid://bh2uft7uanl0b" path="res://scenes/room_ui.tscn" id="2_md0ls"]
[ext_resource type="Shader" path="res://assets/shaders/grant_us_eyes/grant_us_eyes .gdshader" id="2_s6gcg"]
[ext_resource type="PackedScene" uid="uid://c67sxi0m1s6vx" path="res://scenes/main_menu.tscn" id="2_tme2d"]
[ext_resource type="Shader" path="res://assets/shaders/film/film_canvas.gdshader" id="2_ysc5p"]
[ext_resource type="Texture2D" uid="uid://drfcaers3sjrc" path="res://assets/shaders/film/Dust-Textures-05.jpg" id="3_8m2l0"]
[ext_resource type="Script" path="res://scenes/FilmEffect.gd" id="3_xs2qn"]
[ext_resource type="FontFile" uid="uid://b4ffq2245efv2" path="res://assets/fonts/Anonymous Pro.ttf" id="4_0bf83"]
[ext_resource type="PackedScene" uid="uid://o67ao335njwr" path="res://scenes/rooms/turlet/turlet.tscn" id="8_wy3km"]
[ext_resource type="PackedScene" uid="uid://x28y0t6sa1ix" path="res://scenes/rooms/l_livingroom/livingroom.tscn" id="9_ph0ee"]
[ext_resource type="PackedScene" uid="uid://bmd4dn3eew6au" path="res://scenes/rooms/parlor/parlor.tscn" id="10_leegb"]
[ext_resource type="PackedScene" uid="uid://dfom5bou4vp81" path="res://scenes/rooms/basement/basement.tscn" id="11_arfnm"]
[ext_resource type="PackedScene" uid="uid://biijte48jhq4k" path="res://scenes/rooms/livingroom/livingroom.tscn" id="11_muw5u"]
[ext_resource type="PackedScene" uid="uid://dtu5rq4bki5pg" path="res://scenes/rooms/bedroom/bedroom.tscn" id="12_2nugq"]
[ext_resource type="PackedScene" uid="uid://dmrqn8xuiyu1u" path="res://scenes/rooms/kitchen/kitchen.tscn" id="12_taox1"]
[ext_resource type="PackedScene" uid="uid://bwfd3nwghdyp0" path="res://scenes/rooms/office/office.tscn" id="13_bkyly"]

[sub_resource type="ShaderMaterial" id="ShaderMaterial_7fau2"]
shader = ExtResource("2_s6gcg")

[sub_resource type="LabelSettings" id="LabelSettings_woc3v"]
font = ExtResource("4_0bf83")
font_size = 100
outline_size = 40
outline_color = Color(0, 0, 0, 1)

[sub_resource type="ShaderMaterial" id="ShaderMaterial_23ah8"]
shader = ExtResource("2_jm074")
shader_parameter/overlay = true
shader_parameter/scanlines_opacity = 0.4
shader_parameter/scanlines_width = 0.25
shader_parameter/grille_opacity = 0.3
shader_parameter/resolution = Vector2(640, 480)
shader_parameter/pixelate = true
shader_parameter/roll = true
shader_parameter/roll_speed = 8.0
shader_parameter/roll_size = 15.0
shader_parameter/roll_variation = 1.8
shader_parameter/distort_intensity = 0.05
shader_parameter/noise_opacity = 0.4
shader_parameter/noise_speed = 5.0
shader_parameter/static_noise_intensity = 0.06
shader_parameter/aberration = 0.03
shader_parameter/brightness = 1.4
shader_parameter/discolor = true
shader_parameter/warp_amount = 1.0
shader_parameter/clip_warp = false
shader_parameter/vignette_intensity = 0.4
shader_parameter/vignette_opacity = 0.5

[sub_resource type="ShaderMaterial" id="ShaderMaterial_vqf8m"]
shader = ExtResource("2_ysc5p")
shader_parameter/texture_size = Vector2(512, 512)
shader_parameter/shake_amount = 2.08165e-12
shader_parameter/saturation = 0.193
shader_parameter/contrast = 1.2
shader_parameter/brightness = 0.125
shader_parameter/grain_scale = 400.0
shader_parameter/grain_density = 0.282
shader_parameter/grain_color = Color(0, 0, 0, 1)
shader_parameter/streak_color = Color(0, 0, 0, 1)
shader_parameter/dust_enabled = false
shader_parameter/dust_opacity = 0.5
shader_parameter/dust_frequency = 30.0
shader_parameter/dust_scale = 4.0
shader_parameter/flash_amount = 0.005
shader_parameter/vignette_width = 0.04
shader_parameter/vignette_opacity = 0.421
shader_parameter/dust_texture = ExtResource("3_8m2l0")

[node name="Game" type="Node2D"]
script = ExtResource("1_3cuvl")

[node name="GrantUsEyes" type="CanvasLayer" parent="."]
visible = false

[node name="ColorRect" type="ColorRect" parent="GrantUsEyes"]
material = SubResource("ShaderMaterial_7fau2")
anchors_preset = 15
anchor_right = 1.0
anchor_bottom = 1.0
grow_horizontal = 2
grow_vertical = 2
size_flags_horizontal = 0
size_flags_vertical = 4

[node name="MarginContainer" type="MarginContainer" parent="GrantUsEyes/ColorRect"]
layout_mode = 1
anchors_preset = 15
anchor_right = 1.0
anchor_bottom = 1.0
grow_horizontal = 2
grow_vertical = 2

[node name="Label" type="Label" parent="GrantUsEyes/ColorRect/MarginContainer"]
layout_mode = 2
size_flags_horizontal = 4
text = "TOO MANY ANOMALIES"
label_settings = SubResource("LabelSettings_woc3v")

[node name="VhsCrt" type="CanvasLayer" parent="."]
visible = false

[node name="ColorRect" type="ColorRect" parent="VhsCrt"]
material = SubResource("ShaderMaterial_23ah8")
anchors_preset = 15
anchor_right = 1.0
anchor_bottom = 1.0
grow_horizontal = 2
grow_vertical = 2

[node name="MainMenu" parent="." instance=ExtResource("2_tme2d")]
layer = 2

[node name="FilmEffect" type="CanvasLayer" parent="."]
visible = false
script = ExtResource("3_xs2qn")

[node name="Control" type="Control" parent="FilmEffect"]
layout_mode = 3
anchors_preset = 15
anchor_right = 1.0
anchor_bottom = 1.0
grow_horizontal = 2
grow_vertical = 2

[node name="ColorRect" type="ColorRect" parent="FilmEffect/Control"]
material = SubResource("ShaderMaterial_vqf8m")
layout_mode = 1
anchors_preset = 15
anchor_right = 1.0
anchor_bottom = 1.0
grow_horizontal = 2
grow_vertical = 2

[node name="RoomUI" parent="." instance=ExtResource("2_md0ls")]
layer = 2
visible = false

[node name="Rooms" type="Node" parent="."]

[node name="Livingroom" parent="Rooms" instance=ExtResource("11_muw5u")]

[node name="Bedroom" parent="Rooms" instance=ExtResource("12_2nugq")]

[node name="Office" parent="Rooms" instance=ExtResource("13_bkyly")]

[node name="Turlet" parent="Rooms" instance=ExtResource("8_wy3km")]

[node name="l_livingroom" parent="Rooms" instance=ExtResource("9_ph0ee")]

[node name="Parlor" parent="Rooms" instance=ExtResource("10_leegb")]

[node name="Basement" parent="Rooms" instance=ExtResource("11_arfnm")]

[node name="Kitchen" parent="Rooms" instance=ExtResource("12_taox1")]
