[gd_scene load_steps=19 format=3 uid="uid://bh2uft7uanl0b"]

[ext_resource type="Script" path="res://scripts/room_ui.gd" id="1_ao0e1"]
[ext_resource type="Theme" uid="uid://dgs8lkajtqhaf" path="res://scenes/UI/button_theme.tres" id="2_otp8f"]
[ext_resource type="Script" path="res://scenes/InGameTimeLabel.gd" id="3_7fnqr"]
[ext_resource type="FontFile" uid="uid://b4ffq2245efv2" path="res://assets/fonts/Anonymous Pro.ttf" id="3_juf3t"]
[ext_resource type="Script" path="res://scenes/RealLifeTimeLabel.gd" id="4_l04bu"]
[ext_resource type="Script" path="res://scripts/AnomSelection.gd" id="9_gj2ug"]
[ext_resource type="PackedScene" uid="uid://ch6quth6kmeax" path="res://scenes/anomaly_select.tscn" id="12_rtoci"]
[ext_resource type="ButtonGroup" uid="uid://cl6wf1x57lv25" path="res://scenes/anomaly_select_button_group.tres" id="14_qj1kh"]

[sub_resource type="Theme" id="Theme_37rlw"]
default_font = ExtResource("3_juf3t")

[sub_resource type="StyleBoxEmpty" id="StyleBoxEmpty_fgtrf"]
content_margin_left = 20.0
content_margin_top = 20.0
content_margin_right = 20.0
content_margin_bottom = 20.0

[sub_resource type="Theme" id="Theme_jvduf"]
default_font = ExtResource("3_juf3t")
default_font_size = 30

[sub_resource type="StyleBoxFlat" id="StyleBoxFlat_mnijk"]
content_margin_left = 20.0
content_margin_right = 20.0
bg_color = Color(1, 1, 1, 0.454902)
shadow_size = 1

[sub_resource type="Theme" id="Theme_tnsw3"]

[sub_resource type="StyleBoxFlat" id="StyleBoxFlat_fwwt7"]
content_margin_left = 20.0
content_margin_top = 20.0
content_margin_right = 20.0
content_margin_bottom = 20.0
bg_color = Color(0.500103, 0.625176, 0.665482, 0.313726)
border_color = Color(0, 0, 0, 1)
border_blend = true

[sub_resource type="Theme" id="Theme_8b724"]

[sub_resource type="GDScript" id="GDScript_sd81n"]
script/source = "extends GridContainer
"

[sub_resource type="StyleBoxFlat" id="StyleBoxFlat_uddfi"]
content_margin_left = 20.0
content_margin_top = 20.0
content_margin_right = 20.0
content_margin_bottom = 20.0
bg_color = Color(0.145801, 0.3209, 0.435762, 1)
shadow_size = 2
shadow_offset = Vector2(2, 2)

[sub_resource type="StyleBoxFlat" id="StyleBoxFlat_j0jhc"]
content_margin_left = 20.0
content_margin_top = 20.0
content_margin_right = 20.0
content_margin_bottom = 20.0
bg_color = Color(0.145801, 0.3209, 0.435762, 1)
shadow_size = 2
shadow_offset = Vector2(2, 2)

[node name="RoomUI" type="CanvasLayer"]
script = ExtResource("1_ao0e1")

[node name="PrevRoomButton" type="Button" parent="."]
anchors_preset = -1
anchor_left = 0.02
anchor_top = 0.5
anchor_right = 0.02
anchor_bottom = 0.5
offset_top = -31.5
offset_right = 121.0
offset_bottom = 31.5
grow_vertical = 2
theme = ExtResource("2_otp8f")
text = "< prev room"

[node name="NextRoomButton" type="Button" parent="."]
anchors_preset = -1
anchor_left = 0.98
anchor_top = 0.5
anchor_right = 0.98
anchor_bottom = 0.5
grow_horizontal = 0
grow_vertical = 2
theme = ExtResource("2_otp8f")
text = "next room >"

[node name="Debug" type="Control" parent="."]
visible = false
layout_mode = 3
anchors_preset = 0
offset_right = 40.0
offset_bottom = 40.0

[node name="DebugPanel" type="PanelContainer" parent="Debug"]
layout_mode = 1
offset_right = 327.0
offset_bottom = 244.0

[node name="VBoxContainer3" type="VBoxContainer" parent="Debug/DebugPanel"]
layout_mode = 2

[node name="VBoxContainer" type="VBoxContainer" parent="Debug/DebugPanel/VBoxContainer3"]
layout_mode = 2
size_flags_horizontal = 0
size_flags_vertical = 0

[node name="ActivateRandomAnomalyButton" type="Button" parent="Debug/DebugPanel/VBoxContainer3/VBoxContainer"]
layout_mode = 2
text = "activate random anomaly"

[node name="ActivateAnomalyOffscreen" type="Button" parent="Debug/DebugPanel/VBoxContainer3/VBoxContainer"]
layout_mode = 2
text = "activate random offscreen anomaly"

[node name="ResetAnomsInRoomButton" type="Button" parent="Debug/DebugPanel/VBoxContainer3/VBoxContainer"]
layout_mode = 2
text = "set all active anomalies in room to solved"

[node name="StartTimerButton" type="Button" parent="Debug/DebugPanel/VBoxContainer3/VBoxContainer"]
layout_mode = 2
text = "Start Timer"

[node name="VBoxContainer2" type="VBoxContainer" parent="Debug/DebugPanel/VBoxContainer3"]
layout_mode = 2

[node name="InGameTime" type="Label" parent="Debug/DebugPanel/VBoxContainer3/VBoxContainer2"]
layout_mode = 2
text = "In Game Time: Hasn't Started"
script = ExtResource("3_7fnqr")

[node name="RealLifeTime" type="Label" parent="Debug/DebugPanel/VBoxContainer3/VBoxContainer2"]
layout_mode = 2
text = "Real Life Time: Hasn't Started"
script = ExtResource("4_l04bu")

[node name="ActiveAnomalyCountLabel" type="Label" parent="Debug/DebugPanel/VBoxContainer3/VBoxContainer2"]
layout_mode = 2
text = "Active Anomaly Count: 0"

[node name="ActiveAnomaliesLabel" type="Label" parent="Debug/DebugPanel/VBoxContainer3/VBoxContainer2"]
layout_mode = 2
text = "Active Anomalies: []"
autowrap_mode = 3

[node name="AnomalySelection" type="PanelContainer" parent="."]
anchors_preset = 3
anchor_left = 1.0
anchor_top = 1.0
anchor_right = 1.0
anchor_bottom = 1.0
grow_horizontal = 0
grow_vertical = 0
theme = SubResource("Theme_37rlw")
theme_override_styles/panel = SubResource("StyleBoxEmpty_fgtrf")
script = ExtResource("9_gj2ug")

[node name="ReportAnomalyButton" type="Button" parent="AnomalySelection"]
custom_minimum_size = Vector2(100, 100)
layout_mode = 2
theme = SubResource("Theme_jvduf")
theme_override_colors/font_color = Color(1, 1, 1, 1)
theme_override_constants/outline_size = 0
theme_override_styles/normal = SubResource("StyleBoxFlat_mnijk")
text = "Report Anomaly"

[node name="AnomalySelectionContainer" type="PanelContainer" parent="AnomalySelection"]
visible = false
layout_mode = 2
theme = SubResource("Theme_tnsw3")
theme_override_styles/panel = SubResource("StyleBoxFlat_fwwt7")

[node name="VBoxContainer" type="VBoxContainer" parent="AnomalySelection/AnomalySelectionContainer"]
layout_mode = 2
theme = SubResource("Theme_8b724")
theme_override_constants/separation = 20

[node name="VBoxContainer" type="VBoxContainer" parent="AnomalySelection/AnomalySelectionContainer/VBoxContainer"]
layout_mode = 2
theme_override_constants/separation = 15

[node name="Label" type="Label" parent="AnomalySelection/AnomalySelectionContainer/VBoxContainer/VBoxContainer"]
layout_mode = 2
theme_override_fonts/font = ExtResource("3_juf3t")
theme_override_font_sizes/font_size = 30
text = "Rooms"

[node name="RoomsGridContainer" type="GridContainer" parent="AnomalySelection/AnomalySelectionContainer/VBoxContainer/VBoxContainer"]
layout_mode = 2
theme_override_constants/h_separation = 30
theme_override_constants/v_separation = 30
columns = 8

[node name="VBoxContainer2" type="VBoxContainer" parent="AnomalySelection/AnomalySelectionContainer/VBoxContainer"]
layout_mode = 2
theme_override_constants/separation = 15

[node name="Label" type="Label" parent="AnomalySelection/AnomalySelectionContainer/VBoxContainer/VBoxContainer2"]
layout_mode = 2
theme_override_font_sizes/font_size = 30
text = "Anomalies"

[node name="AnomalyGridContainer" type="GridContainer" parent="AnomalySelection/AnomalySelectionContainer/VBoxContainer/VBoxContainer2"]
layout_mode = 2
theme_override_constants/h_separation = 60
columns = 8
script = SubResource("GDScript_sd81n")

[node name="DisappearingAnomaly" parent="AnomalySelection/AnomalySelectionContainer/VBoxContainer/VBoxContainer2/AnomalyGridContainer" instance=ExtResource("12_rtoci")]
layout_mode = 2

[node name="Label" parent="AnomalySelection/AnomalySelectionContainer/VBoxContainer/VBoxContainer2/AnomalyGridContainer/DisappearingAnomaly" index="0"]
text = "Disappearing Object
"

[node name="CheckBox" parent="AnomalySelection/AnomalySelectionContainer/VBoxContainer/VBoxContainer2/AnomalyGridContainer/DisappearingAnomaly" index="1" groups=["anomaly_checkboxes"]]
button_group = ExtResource("14_qj1kh")

[node name="ScalingAnomaly" parent="AnomalySelection/AnomalySelectionContainer/VBoxContainer/VBoxContainer2/AnomalyGridContainer" instance=ExtResource("12_rtoci")]
layout_mode = 2

[node name="Label" parent="AnomalySelection/AnomalySelectionContainer/VBoxContainer/VBoxContainer2/AnomalyGridContainer/ScalingAnomaly" index="0"]
text = "Object Warping
"

[node name="CheckBox" parent="AnomalySelection/AnomalySelectionContainer/VBoxContainer/VBoxContainer2/AnomalyGridContainer/ScalingAnomaly" index="1" groups=["anomaly_checkboxes"]]
button_group = ExtResource("14_qj1kh")

[node name="GlitchAnomaly" parent="AnomalySelection/AnomalySelectionContainer/VBoxContainer/VBoxContainer2/AnomalyGridContainer" instance=ExtResource("12_rtoci")]
layout_mode = 2

[node name="Label" parent="AnomalySelection/AnomalySelectionContainer/VBoxContainer/VBoxContainer2/AnomalyGridContainer/GlitchAnomaly" index="0"]
text = "Glitch
"

[node name="CheckBox" parent="AnomalySelection/AnomalySelectionContainer/VBoxContainer/VBoxContainer2/AnomalyGridContainer/GlitchAnomaly" index="1" groups=["anomaly_checkboxes"]]
button_group = ExtResource("14_qj1kh")

[node name="HBoxContainer" type="HBoxContainer" parent="AnomalySelection/AnomalySelectionContainer/VBoxContainer"]
layout_mode = 2
size_flags_horizontal = 8
theme_override_constants/separation = 10

[node name="CancelButton" type="Button" parent="AnomalySelection/AnomalySelectionContainer/VBoxContainer/HBoxContainer"]
layout_mode = 2
theme_override_font_sizes/font_size = 30
theme_override_styles/normal = SubResource("StyleBoxFlat_uddfi")
text = "Cancel"

[node name="SendButton" type="Button" parent="AnomalySelection/AnomalySelectionContainer/VBoxContainer/HBoxContainer"]
layout_mode = 2
theme_override_font_sizes/font_size = 30
theme_override_styles/normal = SubResource("StyleBoxFlat_j0jhc")
text = "Send
"

[node name="BottomLeftInfo" type="PanelContainer" parent="."]
anchors_preset = 2
anchor_top = 1.0
anchor_bottom = 1.0
offset_top = -167.0
offset_right = 328.0
grow_vertical = 0
theme_override_styles/panel = SubResource("StyleBoxEmpty_fgtrf")
script = ExtResource("9_gj2ug")

[node name="CurrentRoomLabel" type="Label" parent="BottomLeftInfo"]
layout_mode = 2
theme_override_fonts/font = ExtResource("3_juf3t")
theme_override_font_sizes/font_size = 30
text = "current room label"

[connection signal="button_up" from="PrevRoomButton" to="." method="_on_prev_room_button_button_up"]
[connection signal="button_up" from="NextRoomButton" to="." method="_on_next_room_button_button_up"]
[connection signal="pressed" from="Debug/DebugPanel/VBoxContainer3/VBoxContainer/ActivateRandomAnomalyButton" to="." method="_on_activate_random_anomaly_button_pressed"]
[connection signal="button_up" from="Debug/DebugPanel/VBoxContainer3/VBoxContainer/ActivateAnomalyOffscreen" to="." method="_on_activate_anomaly_offscreen_button_up"]
[connection signal="button_up" from="Debug/DebugPanel/VBoxContainer3/VBoxContainer/ResetAnomsInRoomButton" to="." method="_on_reset_anoms_in_room_button_button_up"]
[connection signal="pressed" from="Debug/DebugPanel/VBoxContainer3/VBoxContainer/StartTimerButton" to="." method="_on_start_timer_button_pressed"]
[connection signal="button_up" from="AnomalySelection/ReportAnomalyButton" to="AnomalySelection" method="_on_report_anom_button_button_up"]
[connection signal="button_up" from="AnomalySelection/AnomalySelectionContainer/VBoxContainer/HBoxContainer/CancelButton" to="AnomalySelection" method="_on_cancel_button_button_up"]
[connection signal="button_up" from="AnomalySelection/AnomalySelectionContainer/VBoxContainer/HBoxContainer/SendButton" to="AnomalySelection" method="_on_send_button_button_up"]

[editable path="AnomalySelection/AnomalySelectionContainer/VBoxContainer/VBoxContainer2/AnomalyGridContainer/DisappearingAnomaly"]
[editable path="AnomalySelection/AnomalySelectionContainer/VBoxContainer/VBoxContainer2/AnomalyGridContainer/ScalingAnomaly"]
[editable path="AnomalySelection/AnomalySelectionContainer/VBoxContainer/VBoxContainer2/AnomalyGridContainer/GlitchAnomaly"]
