[gd_scene load_steps=11 format=3 uid="uid://biijte48jhq4k"]

[ext_resource type="Script" path="res://scenes/rooms/livingroom/livingroom.gd" id="1_43ug8"]
[ext_resource type="Texture2D" uid="uid://1a7xucxbvrjl" path="res://assets/sprites/rooms/livingroom/livingroom.png" id="2_uxbjn"]
[ext_resource type="AudioStream" uid="uid://cgvs4uqgfm3ge" path="res://assets/music/rooms/livingroom/mouth_spaceheater.wav" id="3_yt34c"]
[ext_resource type="Texture2D" uid="uid://b66puggnudwt" path="res://assets/sprites/rooms/livingroom/grant_us_eyes.png" id="5_1xvb4"]
[ext_resource type="PackedScene" uid="uid://dumc68hvwjagw" path="res://scenes/rooms/livingroom/anomalies/piggies.tscn" id="5_lvcb3"]
[ext_resource type="PackedScene" uid="uid://vovc45buqxsd" path="res://scenes/rooms/livingroom/anomalies/grant_us_eyes.tscn" id="6_otcfr"]
[ext_resource type="Texture2D" uid="uid://bmx7nwsi6t2s" path="res://assets/sprites/rooms/livingroom/piggies.png" id="7_0nm7v"]
[ext_resource type="Script" path="res://scripts/my_classes/disappearing_anomaly.gd" id="8_da61u"]
[ext_resource type="Texture2D" uid="uid://sfnic5v3ldxr" path="res://assets/sprites/rooms/livingroom/books.png" id="9_8ep7i"]

[sub_resource type="GDScript" id="GDScript_i8hu2"]
script/source = "extends Node


# Called when the node enters the scene tree for the first time.
func _ready():
	pass # Replace with function body.


# Called every frame. 'delta' is the elapsed time since the previous frame.
func _process(delta):
	pass

func hide():
	$GrantUsEyes.visible = false
	# var grant_us_eyes = get_node(\"GrantUsEyes\")
	# grant_us_eyes.visible = false
"

[node name="Livingroom" type="Node"]
script = ExtResource("1_43ug8")

[node name="Sprite2D" type="Sprite2D" parent="."]
texture = ExtResource("2_uxbjn")
centered = false

[node name="BackgroundAudioPlayer" type="AudioStreamPlayer" parent="."]
stream = ExtResource("3_yt34c")
autoplay = true

[node name="Anomalies" type="Node" parent="."]
script = SubResource("GDScript_i8hu2")

[node name="GrantUsEyes" parent="Anomalies" instance=ExtResource("6_otcfr")]

[node name="Sprite2D" parent="Anomalies/GrantUsEyes" index="0"]
position = Vector2(798, 954)
texture = ExtResource("5_1xvb4")

[node name="Piggies" parent="Anomalies" instance=ExtResource("5_lvcb3")]

[node name="Piggies" parent="Anomalies/Piggies" index="0"]
position = Vector2(624, 785)
texture = ExtResource("7_0nm7v")

[node name="Books" type="Node" parent="Anomalies"]
script = ExtResource("8_da61u")

[node name="Sprite2D" type="Sprite2D" parent="Anomalies/Books"]
position = Vector2(176, 739)
texture = ExtResource("9_8ep7i")

[editable path="Anomalies/GrantUsEyes"]
[editable path="Anomalies/Piggies"]
